<?xml version="1.0" encoding="UTF-8"?><record xmlns="http://www.loc.gov/MARC21/slim" xmlns:cinclude="http://apache.org/cocoon/include/1.0" xmlns:zs="http://www.loc.gov/zing/srw/">
  <leader>00468nz  a2200133n  4500</leader>
  <controlfield tag="001">n 2004047186</controlfield>
  <controlfield tag="003">DLC</controlfield>
  <controlfield tag="005">20041122102318.0</controlfield>
  <controlfield tag="008">041122n| acannaabn          |a aaa      </controlfield>
  <datafield tag="010" ind1=" " ind2=" ">
    <subfield code="a">n 2004047186</subfield>
  </datafield>
  <datafield tag="040" ind1=" " ind2=" ">
    <subfield code="a">DLC</subfield>
    <subfield code="b">eng</subfield>
    <subfield code="c">DLC</subfield>
  </datafield>
  <datafield tag="100" ind1="1" ind2=" ">
    <subfield code="a">Voskresenskiĭ, A. D.</subfield>
    <subfield code="q">(Alekseĭ Dmitrievich),</subfield>
    <subfield code="d">1960-</subfield>
    <subfield code="t">Rossii︠a︡ i Kitaĭ.</subfield>
    <subfield code="l">English</subfield>
  </datafield>
  <datafield tag="400" ind1="1" ind2=" ">
    <subfield code="a">Voskresenskiĭ, A. D.</subfield>
    <subfield code="q">(Alekseĭ Dmitrievich),</subfield>
    <subfield code="d">1960-</subfield>
    <subfield code="t">Russia and China</subfield>
  </datafield>
  <datafield tag="670" ind1=" " ind2=" ">
    <subfield code="a">Voskresenskiĭ, A. D. Russia and China, 2003.</subfield>
  </datafield>
</record>